@BOOK{nilsson,
  author =       {J. W. Nilsson and S. Riedel},
  title =        {Circuitos El\'etricos},
  address =      {New York},
  publisher =    {Pearson},
  edition = {8},
  year =         {2008},
  pages  =       {592},
}

@article{araujo,
author = {P. B. Araujo and L. C. Zaneta},
title = {Pole placement method using the system matrix transfer
function and sparsity},
journal = {International Journal of Electric Power and Energy Systems},
year = {2001},
volume = {23},
number = {3},
pages = {173-178},
}

@BOOK{livro-unoesc,
title = {Diretrizes para elabora\c{c}\~ao de trabalhos cient\'ificos},
publisher = {Editora Unoesc},
year = {2013},
author = {Ardinete Rover and D\'ebora Diesmann Silva Pereira},
pages = {143},
series = {S\'erie Metodologia do trabalho cient\'ifico},
address = {Joa{\c{c}}aba},
}

@MANUAL{abntex2modelo,
title = {Modelo Can\^onico de Trabalho Acad\^emico com abnTeX2},
author = {abnTeX2},
organization = {Equipe abnTeX2},
year = {2013},
url = {http://code.google.com/p/abntex2/},
urlaccessdate = {10.7.2013}
}


