% Encoding: UTF-8

@MANUAL{abntex2modelo,
  title = {Modelo Can{\^o}nico de Trabalho Acad{\^e}mico com abnTeX2},
  author = {abnTeX2},
  organization = {Equipe abnTeX2},
  year = {2013},
  annote = {Este documento {\'e} derivado do \cite{abnt-bibtex-doc}},
  bdsk-url-1 = {http://code.google.com/p/abntex2/},
  date-added = {2013-01-12 22:55:32 +0000},
  date-modified = {2013-01-15 01:15:37 +0000},
  url = {http://code.google.com/p/abntex2/},
  urlaccessdate = {10.7.2013}
}

@MISC{abntex2-wiki-como-customizar,
  author = {abnTeX2},
  title = {Como customizar o abnTeX2},
  howpublished = {Wiki do abnTeX2},
  year = {2013},
  bdsk-url-1 = {https://code.google.com/p/abntex2/wiki/ComoCustomizar},
  date-added = {2013-03-23 21:39:21 +0000},
  date-modified = {2013-03-23 21:44:20 +0000},
  keywords = {wiki},
  url = {https://code.google.com/p/abntex2/wiki/ComoCustomizar},
  urlaccessdate = {10.7.2013}
}

@MANUAL{NR10,
  title = {NR 10 - Seguran\c{c}a em instala\c{c}\~{o}es e servi\c{c}os em eletricidade},
  author = {Brasil},
  address = {Di\'{a}rio Oficial da Uni\~{a}o, Bras\'{i}lia, DF, 08 set.},
  year = {2005},
  url = {http://portal.mte.gov.br/data/files/8A7C812D308E216601310641F67629F4/nr_10.pdf},
  urlaccessdate = {24.03.2014}
}

@ARTICLE{NR10n,
  author = {Brasil},
  title = {Portaria GM n. 598, de 07 dezembro de 2004. NR 10 - Seguran\c{c}a
	em instala\c{c}\~{o}es e servi\c{c}os em eletricidade},
  journal = {Di\'{a}rio Oficial da Uni\~{a}o, Bras\'{i}lia, DF, 08 set.},
  year = {2004},
  url = {http://portal.mte.gov.br/data/files/8A7C812D308E216601310641F67629F4/nr_10.pdf},
  urlaccessdate = {24.03.2014}
}

@BOOK{CHAPMAN2013,
  title = {Fundamentos de M{\'a}quinas El{\'e}tricas - 5ed},
  publisher = {AMGH Editora},
  year = {2013},
  author = {Chapman, S.J.},
  isbn = {9788580552072},
  url = {https://books.google.com.br/books?id=Fyg6AgAAQBAJ}
}

@BOOK{LUCKMANN2008,
  title = {Diretrizes para elabora{\c{c}}{\~a}o de trabalhos cient{\'\i}ficos},
  publisher = {Ed. Unoesc},
  year = {2008},
  author = {Luckmann, Luiz Carlos and ROVER, Ardinete and VARGAS, Marisa},
  address = {Joa{\c{c}}aba},
  __markedentry = {[jonasalessi:6]},
  owner = {jonasalessi},
  timestamp = {2013.08.29}
}

@BOOK{livro-unoesc,
  title = {Diretrizes para elaboração de trabalhos científicos},
  publisher = {Editora Unoesc},
  year = {2013},
  author = {Ardinete Rover and Débora Diesmann Silva Pereira},
  pages = {143},
  series = {Série Metodologia do trabalho científico},
  address = {Joa{\c{c}}aba},
  timestamp = {2013.07.18}
}

@ARTICLE{Telles1984,
  author = {Telles, Pedro Carlos da Silva},
  title = {Hist{\'o}ria da engenharia no Brasil},
  journal = {Rio de Janeiro: Clavero Editora{\c{c}}{\~a}o},
  year = {1984},
  volume = {1993},
  number = {2},
  __markedentry = {[jonasalessi:]},
  owner = {jonasalessi},
  timestamp = {2013.08.29}
}

@BOOK{fitzgerald2014,
  title = {M{\'a}quinas El{\'e}tricas de Fitzgerald e Kingsley - 7.ed.:},
  publisher = {AMGH Editora},
  year = {2014},
  author = {Umans, S.D.},
  isbn = {9788580553741},
  url = {https://books.google.com.br/books?id=3Fa2AwAAQBAJ}
}

@BOOK{fitzgerald2084,
	title = {M{\'a}quinas El{\'e}tricas de Fitzgerald e Kingsley - 7.ed.:},
	publisher = {AMGH Editora},
	year = {2054},
	author = {Umans, S.D.},
	isbn = {9788580553741},
	url = {https://books.google.com.br/books?id=3Fa2AwAAQBAJ}
}
@MANUAL{memoir,
  title = {The Memoir Class for Configurable Typesetting - User Guide},
  author = {Peter Wilson and Lars Madsen},
  organization = {The Herries Press},
  address = {Normandy Park, WA},
  year = {2010},
  bdsk-url-1 = {http://ctan.tche.br/macros/latex/contrib/memoir/memman.pdf},
  date-added = {2013-01-09 10:37:50 +0000},
  date-modified = {2013-01-09 10:37:50 +0000},
  url = {http://ctan.tche.br/macros/latex/contrib/memoir/memman.pdf},
  urlaccessdate = {19.12.2012}
}

@Comment{jabref-meta: databaseType:bibtex;}
