

%Aqui temos um exemplo de referências bibliográficas. Para mais exemplos, acesse
%https://en.wikibooks.org/wiki/LaTeX/Bibliography_Management#BibTeX


%Exemplo de um livro
@book{schell2014,
 author = {J. Schell},
 title = {The Art of Game Design: A Book of Lenses},
 year = {2014},
 isbn = {1466598646, 9781466598645},
 edition = {2nd},
 publisher = {A. K. Peters, Ltd.}
}

%Exemplo de um artigo publicado em revista 
@article{LIMA2018,
author = "P. Lima and E. Guerra and P. Meirelles and L. Kanashiro and H. Silva and F. Silveira",
keywords = "Code annotation, Software metrics, Thresholds",
title = "A Metrics Suite for Code Annotation Assessment",
journal = "Journal of Systems and Software",
volume = "137",
pages = "163 - 183",
year = "2018",
issn = "0164-1212",
doi = "https://doi.org/10.1016/j.jss.2017.11.024",
url = "http://www.sciencedirect.com/science/article/pii/S016412121730273X"
}

%Exemplo de um site
@online{latexMath,
  author = {WikiBooks},
  title = {{LaTeX/Mathematics}},
  url = {en.wikibooks.org/wiki/LaTeX/Mathematics},
  urldate = {2019-07-01}
}

%Exemplo de um artigo publicado em anais de congresso.
@inproceedings{Lima2017,
 author = {P. Lima and E. Guerra and M. Nardes and A. Mocci and G. Bavota and M. Lanza},
 title = {An Annotation-based API for Supporting Runtime Code Annotation Reading},
 booktitle = {Proceedings of the 2Nd ACM SIGPLAN International Workshop on Meta-Programming Techniques and Reflection},
 series = {Meta 2017},
 year = {2017},
 isbn = {978-1-4503-5523-0},
 location = {Vancouver, BC, Canada},
 pages = {6--14},
 numpages = {9},
 url = {http://doi.acm.org/10.1145/3141517.3141856},
 doi = {10.1145/3141517.3141856},
 acmid = {3141856},
 publisher = {ACM},
 address = {New York, NY, USA},
 keywords = {code annotation, framework development, metadata},
}

%Exemplo de um artigo publicado em revista com dois autores
@article{LIMAteste,
author = "P. Lima and E. Guerra",
keywords = "Code annotation, Software metrics, Thresholds",
title = "A Metrics Suite for Code Annotation Assessment",
journal = "Journal of Systems and Software",
volume = "137",
pages = "163 - 183",
year = "2018",
issn = "0164-1212",
doi = "https://doi.org/10.1016/j.jss.2017.11.024",
url = "http://www.sciencedirect.com/science/article/pii/S016412121730273X"
}

@MANUAL{abntex2modelo,
  title = {Modelo Canônico de Trabalho Acadêmico com abnTeX2},
  author = {abnTeX2},
  organization = {Equipe abnTeX2},
  year = {2013},
  annote = {Este documento {\'e} derivado do \cite{abnt-bibtex-doc}},
  bdsk-url-1 = {http://code.google.com/p/abntex2/},
  date-added = {2013-01-12 22:55:32 +0000},
  date-modified = {2013-01-15 01:15:37 +0000},
  url = {http://code.google.com/p/abntex2/},
  urlaccessdate = {10.7.2013}
}

@MISC{abntex2-wiki-como-customizar,
  author = {abnTeX2},
  title = {Como customizar o abnTeX2},
  howpublished = {Wiki do abnTeX2},
  year = {2013},
  bdsk-url-1 = {https://code.google.com/p/abntex2/wiki/ComoCustomizar},
  date-added = {2013-03-23 21:39:21 +0000},
  date-modified = {2013-03-23 21:44:20 +0000},
  keywords = {wiki},
  url = {https://code.google.com/p/abntex2/wiki/ComoCustomizar},
  urlaccessdate = {10.7.2013}
}

@MANUAL{NR10,
  title = {NR 10 - Segurança em instalações e serviços em eletricidade},
  author = {Brasil},
  address = {Diário Oficial de Brasília, DF, 08 set.},
  year = {2005},
  url = {http://portal.mte.gov.br/data/files/8A7C812D308E216601310641F67629F4/nr_10.pdf},
  urlaccessdate = {24.03.2014}
}

@BOOK{CHAPMAN2013,
  title = {Fundamentos de máquinas elétricas - 5ed},
  publisher = {AMGH Editora},
  year = {2013},
  author = {Chapman, S.J.},
  isbn = {9788580552072},
  url = {https://books.google.com.br/books?id=Fyg6AgAAQBAJ}
}

@BOOK{LUCKMANN2008,
  title = {Diretrizes para elaboração de trabalhos científicos},
  publisher = {Ed. Unoesc},
  year = {2008},
  author = {Luckmann, Luiz Carlos and ROVER, Ardinete and VARGAS, Marisa},
  address = {Joaçaba},
  __markedentry = {[jonasalessi:6]},
  owner = {jonasalessi},
  timestamp = {2013.08.29}
}

@BOOK{livro-unoesc,
  title = {Diretrizes para elaboração de trabalhos científicos},
  publisher = {Editora Unoesc},
  year = {2013},
  author = {Ardinete Rover and Débora Diesmann Silva Pereira},
  pages = {143},
  series = {Série Metodologia do trabalho científico},
  address = {Joa{\c{c}}aba},
  timestamp = {2013.07.18}
}



